@article{coombs,
    author =       "James H. Coombs and Allen H. Renear and Steven J. DeRose",
    title =        "Markup Systems and the Future of Scholarly Text Processing",
    journal =      "Communications of the ACM",
    volume =       "30",
    year =         "1987"
}
